<?xml version="1.0" encoding="UTF-8"?><collection xmlns="http://www.loc.gov/MARC21/slim"><record><leader>00431nam--2200157-i-4500</leader><controlfield tag="001">000046731</controlfield><controlfield tag="002">20161230</controlfield><controlfield tag="005">20170110225953</controlfield><controlfield tag="008">060222s1000------------r-----000-0-eng-d</controlfield><datafield ind1=" " ind2=" " tag="100"><subfield code="a">Wagner, B</subfield></datafield><datafield ind1=" " ind2=" " tag="245"><subfield code="a">Elektronische verstarker fur industrielle regelungs und steuerungsanlagen</subfield></datafield><datafield ind1=" " ind2=" " tag="250"><subfield code="a">2-te aufl</subfield></datafield><datafield ind1=" " ind2=" " tag="260"><subfield code="a">Berlin</subfield><subfield code="b">Veb Verlag Technik</subfield><subfield code="c">1958</subfield></datafield><datafield ind1=" " ind2=" " tag="300"><subfield code="a">232 p., 239 Fig</subfield></datafield><datafield ind1=" " ind2=" " tag="852"><subfield code="a">6347</subfield></datafield><datafield ind1=" " ind2=" " tag="CAT"><subfield code="a">SYS</subfield><subfield code="c">20170110</subfield><subfield code="h">225953</subfield></datafield></record></collection>